@article{YIZHAR20119,
title = {Optogenetics in Neural Systems},
journal = {Neuron},
volume = {71},
number = {1},
pages = {9-34},
year = {2011},
issn = {0896-6273},
author = {Ofer Yizhar and Lief E. Fenno and Thomas J. Davidson and Murtaza Mogri and Karl Deisseroth},
}

@article{Xu02012020,
author = {Xiang Xu and Thomas Mee and Xiaofeng Jia},
title = {New era of optogenetics: from the central to peripheral nervous system},
journal = {Critical Reviews in Biochemistry and Molecular Biology},
volume = {55},
number = {1},
pages = {1--16},
year = {2020},
publisher = {Taylor \& Francis},
}

@article{10.1162/neco.2007.19.6.1503,
    author = {Shimazaki, Hideaki and Shinomoto, Shigeru},
    title = {A Method for Selecting the Bin Size of a Time Histogram},
    journal = {Neural Computation},
    volume = {19},
    number = {6},
    pages = {1503-1527},
    year = {2007},
    month = {06}
}

@article{Shimazaki2010,
  author = {Shimazaki, Hideaki and Shinomoto, Shigeru},
  title = {Kernel bandwidth optimization in spike rate estimation},
  journal = {Journal of Computational Neuroscience},
  year = {2010},
  volume = {29},
  number = {1},
  pages = {171-182}
}